@article{lin2023emergent,
  title={Emergent collective motion of self-propelled condensate droplets},
  author={Lin, Marcus and Kim, Philseok and Arunachalam, Sankara and Hardian, Rifan and Adera, Solomon and Aizenberg, Joanna and Yao, Xi and Daniel, Dan},
  journal={arXiv preprint arXiv:2311.06775},
  year={2023}
}
@article{wang2023viscous,
  title={Viscous damping in weltering motion of trapped hydrodynamic dipolar Fermi gases},
  author={Wang, Reuben RW and Bohn, John L},
  journal={arXiv preprint arXiv:2306.00250},
  year={2023}
}
@inproceedings{verdoucq2022bio,
  title={Bio-inspired control for collective motion in swarms of drones},
  author={Verdoucq, Matthieu and Theraulaz, Guy and Escobedo, Ramon and Sire, Cl{\'e}ment and Hattenberger, Gautier},
  booktitle={2022 International Conference on Unmanned Aircraft Systems (ICUAS)},
  pages={1626--1631},
  year={2022},
  organization={IEEE}
}
@article{zhao2018self,
  title={Self-adaptive collective motion of swarm robots},
  author={Zhao, Haitao and Liu, Hai and Leung, Yiu-Wing and Chu, Xiaowen},
  journal={IEEE Transactions on Automation Science and Engineering},
  volume={15},
  number={4},
  pages={1533--1545},
  year={2018},
  publisher={IEEE}
}
@inproceedings{albani2022distributed,
  title={Distributed three dimensional flocking of autonomous drones},
  author={Albani, Dario and Manoni, Tiziano and Saska, Martin and Ferrante, Eliseo},
  booktitle={2022 International Conference on Robotics and Automation (ICRA)},
  pages={6904--6911},
  year={2022},
  organization={IEEE}
}
@article{vicsek2012collective,
  title={Collective motion},
  author={Vicsek, Tam{\'a}s and Zafeiris, Anna},
  journal={Physics reports},
  volume={517},
  number={3-4},
  pages={71--140},
  year={2012},
  publisher={Elsevier}
}
@article{vicsek1995novel,
  title={Novel type of phase transition in a system of self-driven particles},
  author={Vicsek, Tam{\'a}s and Czir{\'o}k, Andr{\'a}s and Ben-Jacob, Eshel and Cohen, Inon and Shochet, Ofer},
  journal={Physical review letters},
  volume={75},
  number={6},
  pages={1226},
  year={1995},
  publisher={APS}
}
@article{strombom2011collective,
  title={Collective motion from local attraction},
  author={Str{\"o}mbom, Daniel},
  journal={Journal of theoretical biology},
  volume={283},
  number={1},
  pages={145--151},
  year={2011},
  publisher={Elsevier}
}
@article{janosov2017group,
  title={Group chasing tactics: how to catch a faster prey},
  author={Janosov, Mil{\'a}n and Vir{\'a}gh, Csaba and V{\'a}s{\'a}rhelyi, G{\'a}bor and Vicsek, Tam{\'a}s},
  journal={New Journal of Physics},
  volume={19},
  number={5},
  pages={053003},
  year={2017},
  publisher={IOP Publishing}
}
@article{han2006soft,
  title={Soft control on collective behavior of a group of autonomous agents by a shill agent},
  author={Han, Jing and Li, Ming and Guo, Lei},
  journal={Journal of Systems Science and Complexity},
  volume={19},
  number={1},
  pages={54--62},
  year={2006},
  publisher={Springer}
}